% Encoding: UTF-8

@Article{schwaller2018found,
  author    = {Schwaller, Philippe and Gaudin, Theophile and Lanyi, David and Bekas, Costas and Laino, Teodoro},
  title     = {“Found in Translation”: predicting outcomes of complex organic chemistry reactions using neural sequence-to-sequence models},
  journal   = {Chemical science},
  year      = {2018},
  volume    = {9},
  number    = {28},
  pages     = {6091--6098},
  publisher = {Royal Society of Chemistry},
}

@Article{schwaller2018molecular,
  author  = {Schwaller, Philippe and Laino, Teodoro and Gaudin, Th{\'e}ophile and Bolgar, Peter and Bekas, Costas and Lee, Alpha A},
  title   = {Molecular Transformer for Chemical Reaction Prediction and Uncertainty Estimation},
  journal = {arXiv preprint arXiv:1811.02633},
  year    = {2018},
}

@Article{coley2018graph,
  author    = {Coley, Connor W and Jin, Wengong and Rogers, Luke and Jamison, Timothy F and Green, WH and Barzilay, R and Jensen, KF and others},
  title     = {A Graph-Convolutional Neural Network Model for the Prediction of Chemical Reactivity},
  year      = {2018},
  publisher = {ChemRxiv},
}

@Article{bahdanau2014neural,
  author  = {Bahdanau, Dzmitry and Cho, Kyunghyun and Bengio, Yoshua},
  title   = {Neural machine translation by jointly learning to align and translate},
  journal = {arXiv preprint arXiv:1409.0473},
  year    = {2014},
}

@Article{corey1969computer,
  author    = {Corey, EJ and Wipke, W Todd},
  title     = {Computer-assisted design of complex organic syntheses},
  journal   = {Science},
  year      = {1969},
  volume    = {166},
  number    = {3902},
  pages     = {178--192},
  publisher = {JSTOR},
}

@Article{balawender1998atomic,
  author    = {Balawender, Robert and Komorowski, Ludwik},
  title     = {Atomic Fukui function indices and local softness ab initio},
  journal   = {The Journal of chemical physics},
  year      = {1998},
  volume    = {109},
  number    = {13},
  pages     = {5203--5211},
  publisher = {AIP},
}

@Article{akhondi2014annotated,
  author    = {Akhondi, Saber A and Klenner, Alexander G and Tyrchan, Christian and Manchala, Anil K and Boppana, Kiran and Lowe, Daniel and Zimmermann, Marc and Jagarlapudi, Sarma ARP and Sayle, Roger and Kors, Jan A and others},
  title     = {Annotated chemical patent corpus: a gold standard for text mining},
  journal   = {PloS one},
  year      = {2014},
  volume    = {9},
  number    = {9},
  pages     = {e107477},
  publisher = {Public Library of Science},
}

@PhdThesis{lowe2012extraction,
  author = {Lowe, Daniel Mark},
  title  = {Extraction of chemical structures and reactions from the literature},
  school = {University of Cambridge},
  year   = {2012},
}

@Misc{rdkit,
  title        = {{RDK}it: Open-source cheminformatics},
  howpublished = {\url{http://www.rdkit.org}},
  note         = {[Online; accessed 11-April-2013]},
  key          = {RDKit, online},
}

@Article{kipf2016semi,
  author  = {Kipf, Thomas N and Welling, Max},
  title   = {Semi-supervised classification with graph convolutional networks},
  journal = {arXiv preprint arXiv:1609.02907},
  year    = {2016},
}

@Article{butler2018machine,
  author    = {Butler, Keith T and Davies, Daniel W and Cartwright, Hugh and Isayev, Olexandr and Walsh, Aron},
  title     = {Machine learning for molecular and materials science},
  journal   = {Nature},
  year      = {2018},
  volume    = {559},
  number    = {7715},
  pages     = {547},
  publisher = {Nature Publishing Group},
}

@Article{schneider2005computer,
  author    = {Schneider, Gisbert and Fechner, Uli},
  title     = {Computer-based de novo design of drug-like molecules},
  journal   = {Nature Reviews Drug Discovery},
  year      = {2005},
  volume    = {4},
  number    = {8},
  pages     = {649},
  publisher = {Nature Publishing Group},
}

@Article{olivecrona2017molecular,
  author    = {Olivecrona, Marcus and Blaschke, Thomas and Engkvist, Ola and Chen, Hongming},
  title     = {Molecular de-novo design through deep reinforcement learning},
  journal   = {Journal of cheminformatics},
  year      = {2017},
  volume    = {9},
  number    = {1},
  pages     = {48},
  publisher = {Nature Publishing Group},
}

@Article{gomez2018automatic,
  author    = {G{\'o}mez-Bombarelli, Rafael and Wei, Jennifer N and Duvenaud, David and Hern{\'a}ndez-Lobato, Jos{\'e} Miguel and S{\'a}nchez-Lengeling, Benjam{\'\i}n and Sheberla, Dennis and Aguilera-Iparraguirre, Jorge and Hirzel, Timothy D and Adams, Ryan P and Aspuru-Guzik, Al{\'a}n},
  title     = {Automatic chemical design using a data-driven continuous representation of molecules},
  journal   = {ACS central science},
  year      = {2018},
  volume    = {4},
  number    = {2},
  pages     = {268--276},
  publisher = {ACS Publications},
}

@Article{weininger1988smiles,
  author    = {Weininger, David},
  title     = {SMILES, a chemical language and information system. 1. Introduction to methodology and encoding rules},
  journal   = {Journal of chemical information and computer sciences},
  year      = {1988},
  volume    = {28},
  number    = {1},
  pages     = {31--36},
  publisher = {ACS Publications},
}

@Article{dai2018syntax,
  author  = {Dai, Hanjun and Tian, Yingtao and Dai, Bo and Skiena, Steven and Song, Le},
  title   = {Syntax-directed variational autoencoder for structured data},
  journal = {arXiv preprint arXiv:1802.08786},
  year    = {2018},
}

@Article{de2018molgan,
  author  = {De Cao, Nicola and Kipf, Thomas},
  title   = {MolGAN: An implicit generative model for small molecular graphs},
  journal = {arXiv preprint arXiv:1805.11973},
  year    = {2018},
}

@InProceedings{duvenaud2015convolutional,
  author    = {Duvenaud, David K and Maclaurin, Dougal and Iparraguirre, Jorge and Bombarell, Rafael and Hirzel, Timothy and Aspuru-Guzik, Al{\'a}n and Adams, Ryan P},
  title     = {Convolutional networks on graphs for learning molecular fingerprints},
  booktitle = {Advances in neural information processing systems},
  year      = {2015},
  pages     = {2224--2232},
}

@Article{molyneux2004cerebral,
  author    = {Molyneux, Andrew J and Cekirge, Saruhan and Saatci, Isil and G{\'a}l, Gyula},
  title     = {Cerebral Aneurysm Multicenter European Onyx (CAMEO) trial: results of a prospective observational study in 20 European centers},
  journal   = {American Journal of Neuroradiology},
  year      = {2004},
  volume    = {25},
  number    = {1},
  pages     = {39--51},
  publisher = {Am Soc Neuroradiology},
}

@Article{bader1985atoms,
  author    = {Bader, Richard FW},
  title     = {Atoms in molecules},
  journal   = {Accounts of Chemical Research},
  year      = {1985},
  volume    = {18},
  number    = {1},
  pages     = {9--15},
  publisher = {ACS Publications},
}

@Article{edwards1994smarts,
  author    = {Edwards, Ward and Barron, F Hutton},
  title     = {SMARTS and SMARTER: Improved simple methods for multiattribute utility measurement},
  journal   = {Organizational behavior and human decision processes},
  year      = {1994},
  volume    = {60},
  number    = {3},
  pages     = {306--325},
  publisher = {Elsevier},
}

@InProceedings{schlichtkrull2018modeling,
  author       = {Schlichtkrull, Michael and Kipf, Thomas N and Bloem, Peter and Van Den Berg, Rianne and Titov, Ivan and Welling, Max},
  title        = {Modeling relational data with graph convolutional networks},
  booktitle    = {European Semantic Web Conference},
  year         = {2018},
  pages        = {593--607},
  organization = {Springer},
}

@Article{li2017learning,
  author  = {Li, Junying and Cai, Deng and He, Xiaofei},
  title   = {Learning graph-level representation for drug discovery},
  journal = {arXiv preprint arXiv:1709.03741},
  year    = {2017},
}

@Article{luong2015effective,
  author  = {Luong, Minh-Thang and Pham, Hieu and Manning, Christopher D},
  title   = {Effective approaches to attention-based neural machine translation},
  journal = {arXiv preprint arXiv:1508.04025},
  year    = {2015},
}

@InProceedings{vaswani2017attention,
  author    = {Vaswani, Ashish and Shazeer, Noam and Parmar, Niki and Uszkoreit, Jakob and Jones, Llion and Gomez, Aidan N and Kaiser, {\L}ukasz and Polosukhin, Illia},
  title     = {Attention is all you need},
  booktitle = {Advances in neural information processing systems},
  year      = {2017},
  pages     = {5998--6008},
}

@InProceedings{szegedy2017inception,
  author    = {Szegedy, Christian and Ioffe, Sergey and Vanhoucke, Vincent and Alemi, Alexander A},
  title     = {Inception-v4, inception-resnet and the impact of residual connections on learning},
  booktitle = {Thirty-First AAAI Conference on Artificial Intelligence},
  year      = {2017},
}

@Comment{jabref-meta: databaseType:bibtex;}
