@InProceedings{schlichtkrull2018modeling,
  author       = {Schlichtkrull, Michael and Kipf, Thomas N and others},
  title        = {Modeling relational data with graph convolutional networks},
  booktitle    = {European Semantic Web Conference},
  year         = {2018},
  pages        = {593--607},
  organization = {Springer},
}



@Article{li2017learning,
  author  = {Li, Junying and Cai, Deng and He, Xiaofei},
  title   = {Learning graph-level representation for drug discovery},
  journal = {arXiv preprint arXiv:1709.03741},
  year    = {2017},
}


